<collection xmlns="http://www.loc.gov/MARC21/slim">
<record>
  <leader>00927nam0a22002291i 450 </leader>
  <controlfield tag="001">IT\ICCU\CNCE\071688</controlfield>
  <controlfield tag="005">20070823000000.0</controlfield>
  <datafield tag="100" ind1=" " ind2=" ">
    <subfield code="a">20070823d1591        0itac0103    ba</subfield>
  </datafield>
  <datafield tag="101" ind1=" " ind2=" ">
    <subfield code="a">ITA</subfield>
  </datafield>
  <datafield tag="102" ind1=" " ind2=" ">
    <subfield code="a">BE</subfield>
  </datafield>
  <datafield tag="200" ind1="1" ind2=" ">
    <subfield code="a">℗La ℗quadratura del cerchio, la scienza de&apos; residui, il compasso, et riga di Fabritio, et Gasparo Mordente fratelli salernitani</subfield>
  </datafield>
  <datafield tag="210" ind1=" " ind2=" ">
    <subfield code="e">Anversa</subfield>
    <subfield code="g">Philippus Galle</subfield>
    <subfield code="h">1591</subfield>
  </datafield>
  <datafield tag="215" ind1=" " ind2=" ">
    <subfield code="a">\22! c.</subfield>
    <subfield code="c">ill.</subfield>
    <subfield code="d">fol</subfield>
  </datafield>
  <datafield tag="300" ind1=" " ind2=" ">
    <subfield code="a">Le note tipografiche sono ricavate dalla c. \18!</subfield>
  </datafield>
  <datafield tag="620" ind1=" " ind2=" ">
    <subfield code="a">BE</subfield>
    <subfield code="d">Anversa</subfield>
  </datafield>
  <datafield tag="700" ind1=" " ind2="1">
    <subfield code="a">Mordente,</subfield>
    <subfield code="b">Fabrizio</subfield>
    <subfield code="3">IT\ICCU\CNCA\012247</subfield>
  </datafield>
  <datafield tag="702" ind1=" " ind2="1">
    <subfield code="a">Mordente,</subfield>
    <subfield code="b">Gasparo</subfield>
    <subfield code="3">IT\ICCU\CNCA\012248</subfield>
  </datafield>
  <datafield tag="712" ind1="0" ind2="0">
    <subfield code="a">Galle, Philippe</subfield>
    <subfield code="3">IT\ICCU\CNCT\004051</subfield>
    <subfield code="4">650</subfield>
  </datafield>
  <datafield tag="790" ind1=" " ind2="1">
    <subfield code="a">Mordente,</subfield>
    <subfield code="b">Fabricio</subfield>
    <subfield code="3">IT\ICCU\CNCA\021438</subfield>
    <subfield code="z">Mordente, Fabrizio</subfield>
  </datafield>
  <datafield tag="791" ind1="0" ind2="0">
    <subfield code="a">Gallo, Philippo</subfield>
    <subfield code="3">IT\ICCU\CNCT\004052</subfield>
    <subfield code="z">Galle, Philippe</subfield>
  </datafield>
  <datafield tag="791" ind1="0" ind2="0">
    <subfield code="a">Gallaeus, Philippus</subfield>
    <subfield code="3">IT\ICCU\CNCT\004820</subfield>
    <subfield code="z">Galle, Philippe</subfield>
  </datafield>
  <datafield tag="801" ind1=" " ind2="3">
    <subfield code="a">IT</subfield>
    <subfield code="b">ICCU</subfield>
    <subfield code="c">20201115</subfield>
  </datafield>
</record>
</collection>
